<?xml version="1.0" encoding="UTF-8"?><collection xmlns="http://www.loc.gov/MARC21/slim"><record><leader>00642nam--2200181-u-4500</leader><controlfield tag="001">000055933</controlfield><controlfield tag="002">20161230</controlfield><controlfield tag="005">20161230201052</controlfield><controlfield tag="008">130826s1000------------r-----000-0-fre-d</controlfield><datafield ind1=" " ind2=" " tag="040"><subfield code="a">IFIN-HH</subfield></datafield><datafield ind1=" " ind2=" " tag="041"><subfield code="a">fre</subfield></datafield><datafield ind1=" " ind2=" " tag="080"><subfield code="a">52(047.1)</subfield></datafield><datafield ind1="1" ind2=" " tag="110"><subfield code="a">Republique Et Canton De Neuchatel</subfield></datafield><datafield ind1="1" ind2="0" tag="245"><subfield code="a">Raport du directeur de l'obeservatoire cantonal de neuchatel a la commission de l'observatoire sur l'exercice 1950 suvi du raport special sur les concours des chronometres et des pendules observes en 1950</subfield></datafield><datafield ind1=" " ind2=" " tag="260"><subfield code="a">Neuchatel</subfield><subfield code="b">Observatoire Cantonal</subfield><subfield code="c">1950</subfield></datafield><datafield ind1=" " ind2=" " tag="300"><subfield code="a">31P.+PLANSE</subfield></datafield><datafield ind1=" " ind2=" " tag="852"><subfield code="a">47500</subfield><subfield code="c">521/522</subfield></datafield><datafield ind1=" " ind2=" " tag="CAT"><subfield code="a">Sys</subfield><subfield code="c">20130826</subfield><subfield code="h">164421</subfield></datafield></record></collection>